0                 01TET       PAYROLL          00000000012345601          181224                                        
1012-002123456789 53000000100012345  000000000Salary Payment 0000010000N        012-002123456789NAME OF THE ORIG00000100
1012-002123456789 53000000200098765  000000000Invoice Payment0000020000N        012-002123456789NAME OF THE ORIG00000200
7999-999            0000003000000000300000000000000000                    000002                                        